@article{depriester1736euler,
  title={{Solutio Problematis ad Geometriam Situs Pertinentis}. Commentarii Academiae Scientarum Imperialis Petropolitanae},
  author={EULER},
  journal={},
  volume={},
  number={8},
  pages={128-140},
  year={1736}
}
@article{depriester1944jo,
  title={Theory of Game and Economic Behavior},
  author={J. Von Neumann, O. Morgenstern},
  year={1944},
  publisher={Princeton University Press}
}

@article{depriester1928jonvon,
  title={Zur Theorie der Gesellschaftsspiele, Mathematische Annalen},
  author={John von Neumann},
  volume={100},
  number={1},
  pages={295-320},
  year={1928}
}
@article{depriester1913ernst,
  title={Über eine Anwendung der Mengenlehre auf die Theorie des Schachspiels},
  author={Ernst Zermelo},
  journal={Proceedings of the Fifth International Congress of Mathematicians},
  number={1},
  year={1913}
}

@article{depriester1norman,
  title={Discrete Mathematics},
  author={Norman L. Biggs},
  publisher={Oxford University Press (ISBN 978-0-19-850717-8}
}

@article{depriester1950john,
  title={Equilibrium points in n-person games },
  author={John Nash},
  journal={PNAS},
  volume={36},
  number={1},
  pages={48-49},
  year={1950}
}
@article{depriester1950johnnash,
  title={The Bargaining Problem},
  author={John Nash},
  journal={Econometrica},
  volume={18},
  number={1},
  pages={155-162},
  year={1950}
}
@article{EmileBorel1921,
	author =       "Émile Borel",
	title =        "La théorie du jeu et les équations intégrales à noyau symétrique",
	journal =      "Comptes rendus hebdomadaires des séances de l'Académie des sciences",
	year =         "décembre 1921"
}
@article{depriester1951john,
  title={Non-cooperative games},
  author={John Nash},
  journal={Annals of Mathematics},
  volume={56},
  number={1},
  pages={286–295},
  year={1951}
}

@article{depriester2007jeanantoine,
  title={Split of Territories in Concurrent Optimization},
  author={Jean-Antoine Desider},
  journal={inria},
  volume={32},
  number={1},
  pages={286–295},
  year={2007}
}
@PhdThesis{depriester2011bouneb,
  author={Bouneb Zine Abidine},
  title={Split of Territories in Concurrent Optimization}, 
  school = "Contantine 1", 
  year="2011",
 
}
 @PhdThesis{BICHOT2007,
 author = {Charles-Edmond BICHOT },
 title = {Élaboration d’une nouvelle méta heuristique pour le partitionnement de graphe : la méthode de fusion-fission. Application au découpage de l’espace aérien},
 school = {TOULOUSE},
 year = {2007}
 }
 
 
 @Book{DEO2017,
 author = {DEO, N},
 title = {Graph theory with applications to engineering and computer science},
 publisher = {Courier Dover Publications},
 year = {2017}
 }
 @Article{EULER1736,
 author = {EULER},
 title = {“Solutio Problematis ad Geometriam Situs Pertinentis”. Commentarii Academiae Scientarum Imperialis Petropolitanae },
 journal = {•},
 year = {1736},
 OPTvolume = {8},
 OPTpages = {128-140}
 }
 @Book{Norman1989,
 author = {Norman L},
 title = {Discrete Mathematics},
 publisher = {Oxford University Press},
 year = {1989},
 OPTseries = { ISBN 0-19-853427-2},

 }
 
 @PhdThesis{Francois2013,
 author = {François Queyroi},
 title = {Partitionnement de grands graphes : mesures, algorithmes et visualisation},
 school = {Université Sciences et Technologies - Bordeaux I},
 year = {2013}
 }
 
 @article{GAREY1976,
 ALTauthor =  {M. R., JOHNSON, D. S et STOCKMEYER, L.},
 author = {GAREY},
 title = {Some simplified np-complete graph problems},
 journal = {Theoretical computer science},
 year = {1976},
 OPTnumber = {237-267} 
 }
 
 @Article{BichotSiarry2013,
 author = {BICHOT, C.E. et SIARRY},
 title = {Graph partitioning},
 year = {2013}
 }
  @Article{BULU2016,
 author = {BULUç, A., MEYERHENKE, H., SAFRO, I., SANDERS, P. et SCHULZ, C.},
 title = { Recent advances in graph partitioning},
 journal = {In Algorithm Engineering},
 year = {2016},
 OPTpages = {117–158} 
 }
 @Article{SCHLOEGEL2000,
 author = { SCHLOEGEL, K., KARYPIS, G. et KUMAR},
 title = {Graph partitioning for high performance scientific simulations},
 journal = {Army High Performance Computing Research Center},
 year = {2000}
 }
 @Article{CONG2003,
 author = {CONG, J., ROMESIS, M. et XIE, M},
 title = {Optimality, scalability and stability study of partitioning and placement algorithms},
 journal = {In Proceedings of the 2003 international symposium on Physical design},
 year = {2003},
 OPTpages = {88–94}

 }
 @Article{BARAT2016,
 author = {BARAT, R., CHEVALIER, C. et PELLEGRINI, F},
 title = {Partitionnement multi-critères de graphes pour l'équilibrage de charge de simulations multi-physiques},
 journal = {In Conférence d'informatique en Parallélisme, Architecture et Système (COMPAS)},
 year = {2016}
 }
 @Article{GRADY2006,
 author = {GRADY, L. et SCHWARTZ, E. L},
 title = {Isoperimetric graph partitioning for image segmentation.},
 journal = {IEEE transactions on pattern analysis and machine intelligence},
 year = {2006},
 OPTpages = {469–475}
 }
  @Article{DHILLON2007,
 author = { DHILLON, I. S., GUAN, Y. et KULIS, B},
 title = {Weighted graph cuts without eigenvectors a multilevel approach},
 journal = { IEEE transactions on pattern analysis and machine intelligence},
 year = {2007},
 OPTvolume = {29},
 OPTnumber = {11}
 }
 
  @Article{HOLYER1981,
 author = {HOLYER, I},
 title = {The np-completeness of some edge-partition problems},
 journal = {SIAM Journal on Computing},
 year = {1981)},
 OPTvolume = {10},
 OPTnumber = {4},
 OPTpages = {713–717}
 }
  @Article{HYAFIL1973,
 author = {HYAFIL, L. et RIVEST, R. L.},
 title = { Graph partitioning and constructing optimal decision trees are polynomial complete problems},
 journal = {Technical Report. IRIA. Laboratoire de Recherche en Informatique et Automatique},
 year = {1973},
 OPTnumber = {33}
 }
 @PhdThesis{BENSETIRA2017,
 author = {Imene BENSETIRA},
 title = {Proposition d'algorithmes de distribution des espaces d'états en vue d’une vérification basée model checking: Application aux automates temporisés avec durées d'actions},
 school = {Université Abdelhamid Mehri - Constantine 2},
 year = {2017}

 }
 @Article{Armbruster2008,
 author = {ARMBRUSTER, M., FUGENSCHUH, M., HELMBERG, C. et MARTIN},
 title = { A comparative study of linear and semidefinite branch-and-cut methods for solving the minimum graph bisection problem},
 journal = {In IPCO},
 year = {2008},
 OPTpages = {112–124}
 }
 @Article{SandersSchulz2011,
author = {SANDERS, P. et SCHULZ},
title = {Engineering multilevel graph partitioning algorithms},
journal = {In ESA},
year = {2011},
OPTvolume = {6942},
OPTpages = { 469–480},
OPTannote = {Springer}
}
@Article{SandersSchulz2012,
author = {SANDERS, P. et SCHULZ},
title = { Distributed evolutionary graph partitioning},
journal = {In 2012 Proceedings of the Fourteenth Workshop on Algorithm Engineering and Experiments (ALENEX)},
year = {2012},
OPTvolume = {6942},
OPTpages = { 16–29},
OPTannote = {SIAM}
}
@Article{Bonami2012,
 author = { BONAMI, P., NGUYEN, V. H., KLEIN, M. et MINOUX, M},
 title = {On the solution of a graph partitioning problem under capacity constraints},
 journal = {ISCO},
 year = {2012},
 OPTvolume = {7422},
 OPTpages = {285–296},
 OPTannote = {Springer}
 }
  @Article{Delling2012,
 author = {DELLING, D., GOLDBERG, A. V., RAZENSHTEYN, I. et WERNECK, R. F},
 title = { Exact combinatorial branch-and-bound for graph bisection},
 journal = {In 2012 Proceedings of the Fourteenth Workshop on Algorithm Engineering and Experiments (ALENEX)},
 year = {2012},
 OPTpages = {30–44},
 OPTannote = {SIAM}
 }
 @Article{FeldmannWidmayer2015,
 author = {FELDMANN, A. E. et WIDMAYER},
 title = { An o($nˆ4$) time algorithm to compute the bisection width of solid grid graphs},
 journal = {Algorithmica},
 year = {2015},
 OPTpages = {181–200},
 OPTannote = {Springer}
 }
 @Article{Ferreira1998,
 author = {FERREIRA, C. E., MARTIN, A., de SOUZA, C. C., WEISMANTEL, R. et WOLSEY, L. A},
 title = {The node capacitated graph partitioning problem : a computational study},
 journal = { Mathematical Programming},
 year = {1998},
 OPTpages = {229–256},
 OPTvolume = {81},
 OPTnumber = {2},
 OPTannote = {Springer}
 }
 @Article{Hager2013,
 author = {HAGER, W. W., PHAN, D. T. et ZHANG, H},
 title = {An exact algorithm for graph partitioning},
 journal = { Mathematical Programming},
 year = {2013},
 OPTpages = {1–26},
 OPTannote = {Springer}
 }
 @Article{Kaibel2011,
 author = {KAIBEL, V., PEINHARDT, M. et PFETSCH, M. E},
 title = {Orbitopal fixing},
 journal = {Discrete Optimization},
 year = {2011},
 OPTpages = {595–610},
 OPTvolume = {8},
 OPTnumber = {4},
 OPTannote = {Elsevier}
 }
  @Article{Sellmann2003,
 author = {SELLMANN, M., SENSEN, N. et TIMAJEV, L},
 title = {Multicommodity flow approximation used for exact graph partitioning},
 journal = {In ESA},
 year = {2003},
 OPTpages = {752–764},
 OPTannote = {Springer}
 }
@Article{EzekielLuttgen2008,
	author = {EZEKIEL, J. et LÜTTGEN, G},
	title = {Measuring and evaluating parallel state-space exploration algorithms},
	journal = {Electronic Notes in Theoretical Computer Science},
	year = {2008},
	OPTpages = {:47–61},
	OPTannote = {Elsevier}
}
 @Article{Sorensen2007,
 author = {SØRENSEN, M. M},
 title = {Facet-defining inequalities for the simple graph partitioning polytope},
 journal = {Discrete Optimization},
 year = {2003},
 OPTpages = {221–231},
 OPTannote = {Elsevier}
 }
 
 @Article{Land2010,
 author = {LAND, A. H. et DOIG, A. G},
 title = {An automatic method for solving discrete programming problems},
 journal = {50 Years of Integer Programming 1958-2008},
 year = {2010},
 OPTpages = {105–132},
 OPTannote = {Springer}
 }
 @Article{DonathHoffman1972,
 author = { DONATH, W. et HOFFMAN, A.},
 title = {Algorithms for partitioning of graphs and computer logic based on eigenvectors of connections matrices},
 journal = {IBM Technical Disclosure Bulletin},
 year = {1972},
 OPTvolume = {15},
 }
 @Article{Fiedler1973,
 author = {FIEDLER, M},
 title = {Algebraic connectivity of graphs},
 journal = {Czechoslovak mathematical journal. Institute of Mathematics, Academy of Sciences of the Czech Republic},
 year = {1973},
 OPTpages = {298–305},
 OPTvolume = {23},
 OPTnumber = {2}
 }
 @Article{Fiedler1975,
 author = {FIEDLER, M},
 title =  {A property of eigenvectors of nonnegative symmetric matrices and its application to graph theory},
 journal = {Czechoslovak mathematical journal. Institute of Mathematics, Academy of Sciences of the Czech Republic},
 year = {1975},
 OPTpages = {619–633},
 OPTvolume = {25},
 OPTnumber = {4}
 }
 
 @Article{Boppana1987,
 author = {BOPPANA, R. B},
 title =  { Eigenvalues and graph bisection : An average-case analysis},
 journal = {In Foundations of Computer Science, 1987., 28th Annual Symposium on},
 year = {1987},
 OPTpages = {280–285},
 }
 
 @Article{HendricksonLeland1995a,
 author = {HENDRICKSON, B. et LELAND, R},
 title =  {An improved spectral graph partitioning algorithm for mapping parallel computations},
 journal = {SIAM Journal on Scientific Computing},
 year = {1995a},
 OPTpages = {452–469},
 OPTvolume = {16},
 OPTnumber = {2}
 }
 @Article{HendricksonLeland1995b,
 author = {HENDRICKSON, B. et LELAND, R},
 title =  {A multi-level algorithm for partitioning graphs},
 journal = {Supercomputing},
 year = {1995b},
 OPTvolume = {95},
 OPTnumber = {28}
 }
 @Phdthesis{Kabelikova2006,
 author = { KABELÍKOVÁ, P},
 title =  {Graph partitioning using spectral methods},
school = { VSB - Technical University of Ostrava, Czech Republic},
 year = {2006}

 }
 @Article{Simon1991,
 author = {SIMON, H. D},
 title =  {Partitioning of unstructured problems for parallel processing},
 journal = { Computing systems in engineering},
 year = {1991},
 OPTpages = {135–148},
 OPTannote = {Elsevier}
 }
 
 @Article{Pothen1990,
 author = {POTHEN, A., SIMON, H. D. et LIOU, K.-P},
 title =  { Partitioning sparse matrices with eigenvectors of graphs},
 journal = {SIAM journal on matrix analysis and applications},
 year = {1990},
 OPTpages = {430–452}
 }
 @Article{FiducciaMattheyses1988,
 author = {FIDUCCIA, C. M. et MATTHEYSES, R. M},
 title =  { A linear-time heuristic for improving network partitions},
 journal = {In Papers on Twenty-five years of electronic design automation},
 year = {1988},
 OPTpages = {241–247},
 OPTannote = {ACM}
 }
 @Article{Hagen1997,
 author = {HAGEN, L. W., HUANG, D.-H. et KAHNG, A. B},
 title =  { On implementation choices for iterative improvement partitioning algorithms},
 journal = {IEEE Transactions on Computer-Aided Design of Integrated Circuits and Systems},
 year = {1997},
 OPTpages = {1199–1205}
 }
 @Article{KernighanLin1970,
 author = {KERNIGHAN, B. W. et LIN, S},
 title =  {An efficient heuristic procedure for partitioning graphs},
 journal = {The Bell system technical journal. Alcatel-Lucent},
 year = {1970},
 OPTpages = {291–307}
 }
  @Article{Kim2011,
 author = { KIM, J., HWANG, I., KIM, Y.-H. et MOON, B.-R},
 title =  { Genetic approaches for graph partitioning : a survey},
 journal = { In Proceedings of the 13th annual conference on Genetic and evolutionary computation},
 year = {2011},
 OPTpages = {473–480},
 OPTannote = {ACM}
 }
 
  @Article{Krishnamurthy1984,
 author = {KRISHNAMURTHY, B},
 title =  {An improved min-cut algonthm for partitioning vlsi networks},
 journal = {IEEE Transactions on Computers},
 year = {1984},
 OPTpages = {438–446}
 }
 @Article{Korosec2004,
 author = {KOROŠEC, P., ŠILC, J. et ROBI C, B},
 title =  {Solving the mesh-partitioning problem with an ant-colony algorithm},
 journal = {Parallel computing},
 year = {2004},
 OPTpages = {785–801},
 OPTannote = {Elsevier}
 }
 
 @Article{BuiMoon1996,
 author = {BUI, T. N. et MOON, B. R},
 title =  {Genetic algorithm and graph partitioning},
 journal = {IEEE Transactions on Computers},
 year = {1996},
 OPTpages = {841–855}
 }
  @Article{Bichot2004,
 author = {BICHOT, C.-E., ALLIOT, J.-M., DURAND, N. et BRISSET, P},
 title =  {Optimisation par fusion et fission, application au probleme du découpage aérien européen},
 journal = {Journal Européen des Systèmes Automatisés (JESA)},
 year = {2004},
 OPTpages = {1141}
 }
 @Article{ChevalierPellegrini2006,
 author = {CHEVALIER, C. et PELLEGRINI, F},
 title =  {Improvement of the efficiency of genetic algorithms for scalable parallel graph partitioning in a multi-level framework},
 journal = {Euro-Par 2006 Parallel Processing},
 year = {2006},
 OPTpages = {243–252},
 OPTannote = {Springer}
 }
  @Article{ChevalierPellegrini2008,
 author = {CHEVALIER, C. et PELLEGRINI, F},
 title =  { Pt-scotch : A tool for efficient parallel graph ordering},
 journal = {Parallel computing},
 year = {2008},
 OPTpages = {318–331},
 OPTannote = {Elsevier}
 }
 @Article{ChockalingamArunkumar1992,
 author = {CHOCKALINGAM, T. et ARUNKUMAR, S},
 title =  {A randomized heuristics for the mapping problem : The genetic approach},
 journal = {Parallel computing},
 year = {1992},
 OPTpages = {1157–1165},
 OPTannote = {Elsevier}
 }
 @Article{BattitiBertossi1999,
 author = {BATTITI, R. et BERTOSSI, A. A},
 title =  { Greedy, prohibition, and reactive heuristics for graph partitioning},
 journal = {IEEE Transactions on Computers},
 year = {1999},
 OPTpages = {361–385}
 }
 @Article{Jovanovic2016,
 author = {JOVANOVIC, R., TUBA, M. et VOSS, S},
 title =  {An ant colony optimization algorithm for partitioning graphs with supply and demand},
 journal = { Applied Soft Computings},
 year = {2016},
 OPTpages = {317–330},
 OPTannote = {Elsevier}
 }
 @Article{Johnson1989,
 author = {JOHNSON, D. S., ARAGON, C. R., MCGEOCH, L. A. et SCHEVON, C},
 title =  {Optimization by simulated annealing : an experimental evaluation; parti, graph partitioning},
 journal = { Operations research},
 year = {1989},
 OPTpages = {865–892},
 OPTannote = {INFORMS}
 }
 @Article{Soper2004,
 author = {SOPER, A. J., WALSHAW, C. et CROSS, M},
 title =  {A combined evolutionary search and multilevel optimisation approach to graph-partitioning},
 journal = {Journal of Global Optimization},
 year = {2004},
 OPTpages = {225–241},
 OPTannote = {Springer}
 }
 @Article{TalbiBessiere1991,
 author = {TALBI, E.-G. et BESSIERE, P},
 title =  {A parallel genetic algorithm for the graph partitioning problem},
 journal = {In Proceedings of the 5th international conference on Supercomputing},
 year = {1991},
 OPTpages = {312–320},
 OPTannote = {ACM}
 }
 @Article{LanghamGrant1999,
 author = { LANGHAM, A. E. et GRANT, P},
 title =  {A parallel genetic algorithm for the graph partitioning problem},
 journal = {In Proceedings of the 5th international conference on Supercomputing},
 year = {1999},
 OPTpages = {312–320},
 OPTannote = {ACM}
 }
 @Article{Williams1991,
 author = {WILLIAMS, R. D},
 title =  {Performance of dynamic load balancing algorithms for unstructured mesh calculations},
 journal = {Concurrency and Computation : Practice and Experience. Wiley Online Library},
 year = {1991},
 OPTpages = {457–481}
 }
 @Article{Wan2005,
 author = {WAN, Y., ROY, S., SABERI, A. et LESIEUTRE, B},
 title =  {A stochastic automaton-based algorithm for flexible and distributed network partitioning},
 journal = {In Swarm Intelligence Symposium, 2005. SIS 2005. Proceedings 2005 IEEE},
 year = {2005},
 OPTpages = {273–280}
 }
  @Article{AreibiYang2004,
 author = {AREIBI, S. et YANG, Z},
 title =  { Effective memetic algorithms for design= genetic algorithms+ local search+ multi-level clustering},
 journal = {Evolutionary Computation},
 year = {2004},
 OPTpages = {327–353},
 OPTannote = {MIT Press}
 }
 @Article{TaoZhao1993,
 author = {TAO, L. et ZHAO, Y},
 title =  { Multi-way graph partition by stochastic probe},
 journal = {Computers and operations research},
 year = {1993},
 OPTpages = {321–347},
 OPTannote = {Elsevier}
 }
  @Article{MeyerhenkeSchamberger2006,
 author = { MEYERHENKE, H. et SCHAMBERGER, S},
 title =  {A parallel shape optimizing load balancer},
 journal = { Euro-Par 2006 Parallel Processing},
 year = {2006},
 OPTpages = {232–242},
 OPTannote = {Springer}
 }
 @Article{Pellegrini2007,
 author = {PELLEGRINI, F},
 title =  {A parallelisable multi-level banded diffusion scheme for computing balanced partitions with smooth boundaries},
 journal = { Euro-Par 2007 Parallel Processing},
 year = {2007},
 OPTpages = {195–204},
 OPTannote = {Springer}
 }
 @Article{BarnardSimon1994,
 author = {BARNARD, S. T. et SIMON, H. D},
 title =  {Fast multilevel implementation of recursive spectral bisection for partitioning unstructured problems},
 journal = {Concurrency and computation : Practice and Experience},
 year = {1994},
 OPTpages = {101–117},
 OPTannote = {Wiley Online Library}
 }
 @Phdthesis{VanDriesscheRoose1994,
 author = {VAN DRIESSCHE, R. et ROOSE, D},
 title =  {A graph contraction algorithm for the calculation of eigenvectors of the laplacian matrix of agraph with a multilevel method},
 school = { Rapport technique TW 209, Department of Computer Science, KU Leuven, Leuven, Belgium},
 year = {1994}
 }
 @Phdthesis{Aurora2007,
 author = {AURORA, P. K},
 title =  {Multi-level graph partitioning},
 school = {Thèse de doctorat,University of Florida},
 year = {2007}
 }
 @Article{ChevalierSafro2009,
 author = { CHEVALIER, C. et SAFRO, I},
 title =  {Comparison of coarsening schemes for multilevel graph partitioning},
 journal = { Learning and Intelligent Optimization},
 year = {2009},
 OPTpages = {191–205},
 OPTannote = {Springer}
 }
 @Article{Karypis2003,
 author = {KARYPIS, G},
 title =  {Multilevel hypergraph partitioning},
 journal = {In Multilevel Optimization in VLSICAD},
 year = {2003},
 OPTpages = {125–154},
 OPTannote = {Springer}
 }
 @Article{KalayciBattiti2018,
 author = {KALAYCI, T. E. et BATTITI, R},
 title =  {A reactive self-tuning scheme for multilevel graph partitioning},
 journal = { Applied Mathematics and Computation},
 year = {2018},
 OPTpages = {227–244},
 OPTannote = {Elsevier}
 }
 @Article{KarypisKumar1998,
 author = {KARYPIS, G. et KUMAR, V},
 title =  {A parallel algorithm for multilevel graph partitioning and sparse matrix ordering},
 journal = {Journal of Parallel and Distributed Computing},
 year = {1998},
 OPTpages = {71–95},
 OPTannote = {Elsevier}
 }
 @Article{Monien2000,
 author = {MONIEN, B., PREIS, R. et DIEKMANN, R},
 title =  {Quality matching and local improvement for multilevel graph-partitioning},
 journal = {Parallel Computing},
 year = {2000},
 OPTpages = {1609–1634},
 OPTannote = {Elsevier}
 }
 @Phdthesis{Pellegrini1995,
 author = {PELLEGRINI, F},
 title =  {Application de méthodes de partition à la résolution de problèmes de graphes issus du parallélisme},
 school = { Bordeaux 1},
 year = {1995}

 }
 @Article{Pope2016,
 author = {POPE, A. S., TAURITZ, D. R. et KENT, A. D},
 title =  {Evolving multi-level graph partitioning algorithms},
 journal = {In Computational Intelligence (SSCI)},
 year = {2000},
 OPTpages = {1–8},
 OPTannote = {2016 IEEE Symposium Series on}
 }
 @Article{Predari2017,
 author = {PREDARI, M., ESNARD, A. et ROMAN, J},
 title =  { Comparison of initial partitioning methods for multilevel direct k-way graph partitioning with fixed vertices},
 journal = {Parallel Computing},
 year = {2017},
 OPTannote = {Elsevier}
 }
 @Article{Safro2015,
 author = {SAFRO, I., SANDERS, P. et SCHULZ, C},
 title =  {Advanced coarsening schemes for graph partitioning},
 journal = {Journal of Experimental Algorithmics},
 year = {2015},
 OPTannote = {ACM}
 }
  @Article{TrifunovicKnottenbelt2004,
 author = {TRIFUNOVIC, A. et KNOTTENBELT, W. J},
 title =  { Parkway 2.0 : A parallel multilevel hypergraph partitioning tool},
 journal = {Lecture notes in computer science},
 year = {2015},
 OPTpages ={789–800},
 OPTannote = {Springer}
 }
 @Article{Karypis2011,
 author = {KARYPIS, G},
 title =  {Metis and parmetis},
 journal = {In Encyclopedia of parallel computing},
 year = {2011},
 OPTpages ={1117–1124},
 OPTannote = {Springer}
 }
 @online{Walshaw2012,
 author = { WALSHAW, C},
 title =  {Jostle-graph partitioning software},
 url = {http://staffweb.cms.gre.ac.uk/wc06/jostle/}
 }
 @Article{LaSalleKarypis2013,
 author = { LASALLE, D. et KARYPIS, G},
 title =  {Multi-threaded graph partitioning},
 journal = {In Parallel  and  Distributed Processing (IPDPS), 2013 IEEE 27th International Symposium on},
 year = {2013},
 OPTpages ={225–236},
 OPTannote = {IEEE}
 }
 @Article{LaSalleKarypis2015,
 author = { LASALLE, D. et KARYPIS, G},
 title =  { Multi-threaded modularity based graph clustering using the multilevel paradigm},
 journal = {Journal of Parallel and Distributed Computing},
 year = {2015},
 OPTpages ={76:66–80},
 OPTannote = {Elsevier}
 }
 
 @Article{LengYu2007,
 author = {LENG, M. et YU, S},
 title =  {An effective multi-level algorithm based on ant colony optimization for bisecting graph},
 journal = {In Pacific-Asia Conference on Knowledge Discovery and Data Mining},
 year = {2007},
 OPTpages ={138–149},
 OPTannote = {Springer}
 }
 @Article{Chan2016,
 author = { CHAN, J. J. M., MAO, Y., LIU, Y. Y., THULASIRAMAN, P. et THULASIRAM, R. K},
 title =  {Parallel ant brood graph partitioning in julia},
 journal = {In Parallel Processing and Applied Mathematics},
 year = {2016},
 OPTpages ={176–185},
 OPTannote = {Springer}
 }
 @Article{Tashkova2011,
 author = {TASHKOVA, K., KOROŠEC, P. et ŠILC, J},
 title =  {A distributed multilevel ant-colony algorithm for the multi-way graph partitioning},
 journal = {International Journal of Bio-Inspired Computation},
 year = {2011},
 OPTpages ={286–296},
 OPTannote = {Inderscience Publishers}
 }
 @Article{Rahimian2013,
 author = {RAHIMIAN, F., PAYBERAH, A. H., GIRDZIJAUSKAS, S., JELASITY, M.et HARIDI, S},
 title =  { Ja-be-ja : A distributed algorithm for balanced graph partitioning},
 journal = {In Self-Adaptive and Self-Organizing Systems (SASO), 2013 IEEE 7th International Conference on},
 year = {2013},
 OPTpages ={51–60},
 OPTannote = {IEEE}
 }
 @Article{Talu2017,
 author = {TALU, M. F},
 title =  { Multi-level spectral graph partitioning method},
 journal = {Journal of Statistical Mechanics : Theory and Experiment},
 year = {2017},
 OPTannote = {IOP Publishing, 2017(9):093406}
 }
  @Article{Garavel2006,
 author = {GARAVEL, H., MATEESCU, R., BERGAMINI, D., CURIC, A., DESCOUBES, N., JOUBERT, C., SMARANDACHE-STURM, I. et STRAGIER, G},
 title =  {Distributor and bcg_merge : tools for distributed explicit state space generation},
 journal = {In International Conference on Tools and Algorithms for the Construction and Analysis of Systems, TACAS},
 OPTpages = {445–449},
 year ={2006},
 OPTannote = {Springer}
 } 	
 @Article{Garavel2013,
 author = {GARAVEL, H., MATEESCU, R. et SERWE, W},
 title =  { Large-scale distributed verification using cadp : Beyond clusters to grids},
 journal = { Electronic Notes in Theoretical Computer Science},
 year ={2013},
 OPTannote = {Elsevier, 296:145–161}
 } 
 @Article{Allmaier1998,
 author = {ALLMAIER, S. C., DALIBOR, S. et KREISCHE, D},
 title =  { Parallel graph generation algorithms for shared and distributed memory machines},
 journal = {Advances in Parallel Computing},
 year = {1998},
 OPTpages = {581–588},
 OPTannote = {Elsevier}
 } 	
  @Article{Allmaier1997,
 author = {ALLMAIER, S. C., KOWARSCHIK, M. et HORTON, G},
 title =  {State space construction and steady-state solution of gspns on a shared-memory multiprocessor},
 journal = {In Petri Nets and Performance Models, 1997., Proceedings of the Seventh International Workshop on},
 year = {1997},
 OPTpages = { 112–121},
 OPTannote = {IEEE}
 } 
 @Article{Ciardo1998,
 author = { CIARDO, G., GLUCKMAN, J. et NICOL, D},
 title =  { Distributed state space generation of discrete-state stochastic models},
 journal = {INFORMS Journal on Computing},
 year = {1998},
 OPTpages = {82–93}
 } 	
 @Article{BlomOrzan2005,
 author = {BLOM, S. et ORZAN, S},
 title =  {A distributed algorithm for strong bisimulation reduction of state spaces},
 journal = {International Journal on Software Tools for Technology Transfer (STTT)},
 year = {2005},
 OPTpages = {74–86},
 OPTannote = {Springer}
 } 	
 @Article{Rodrigues2006,
 author = {RODRIGUES, C. L., BARBOSA, P. E., CABRAL, J. M., de FIGUEIREDO, J. C. et GUERRERO, D. D},
 title =  {A bag-of-tasks approach for state space exploration using computational grids},
 journal = {In Software Engineering and Formal Methods, 2006. SEFM 2006. Fourth IEEE International Conference on},
 year = {2006},
 OPTpages = {226–235},
 OPTannote = {IEEE}
 } 	
 @Article{Guidoum2013,
 author = { GUIDOUM, N., BENSOUYAD, M. et SAIDOUNI, D. E},
 title =  { The strict strong coloring based graph distribution algorithm},
 journal = {International Journal of Applied Metaheuristic Computing},
 year = {2013},
 OPTannote = {IGI Global, 4(1):50–66}
 } 
 @Article{Bouzenada2012,
 author = {BOUZENADA, M., BENSOUYAD, M., GUIDOUM, N., REGHIOUA, A. et SAIDOUNI, D. E},
 title =  {A generalized graph strict strong coloring algorithm},
 journal = {International Journal of Applied Metaheuristic Computing},
 year = {2012},
 OPTannote = {IGI Global, 3(1):24–33}
 }
 @Article{Saidouni2012,
 author = {CHAOUCHE. A. C., SAIDOUNI, D. E. et ILIÉ, J.-M},
 title =  { On the fly pso inspired algorithm for graph distribution},
 journal = {In 2nd International Symposium on Modelling and Implementation of Complex Systems},
 year = {2012},
  OPTvolume = {21},
 OPTpages = {156–163}
 } 	
 @Article{TabibSaidouni2016,
 author = {TABIB, N. et SAIDOUNI, D. E},
 title =  {Newton’s law of universal gravitation based genetic algorithm for graph distribution},
 journal = {International Journal of Computational Intelligence and Applications. World Scientific},
 year = {2016},
 OPTannote = { World Scientific, 15(04):1650022}
 }
 @Phdthesis{Tabib2017,
 author = {TABIB, N},
 title =  { Construction distribuée d’espace d’états en vue d’une vérification efficace des systèmes atemporels},
 school = { Thèse de doctorat, Université Abdelhamid Mehri - Constantine 2, Algeria},
 year = {2017}
 } 
 @Phdthesis{Haiouni2010,
 author = {H. Haiouni},
 title =  {Approche mixte de modélisation par Réseaux de Petri et SMA},
 school = {Ecole Doctorale en Informatique de l’Est Pôle de Constantine},
 year = {2010}
 } 	
 @Article{Robert2007,
 author = {Robert Valette},
 title =  {Genèse de la théorie des Réseaux de Petri},
 journal = {LAAS-CNRS Toulouse},
 year = {9novembre 2007 }
 }
 @Article{Murata1989,
 author = {Murata T},
 title =  {Petri nets: Properties, analysis and applications},
 journal = {Proceedings of the IEEE},
 year = {1989},
  OPTvolume = {77},
 OPTpages = {541-580},
 OPTnumber = {4}
 }
 @Article{Kripke1963,
 author = {Saul A. Kripke},
 title =  {Semantical considerations on modal logic},
 journal = {Acta Philosophica Fennica Fasc},
 OPTvolume = {16},
 OPTpages = {83–94},
 year = {1963}
 }
 @Article{Klaus2004,
 author = {Klaus Schneider},
 title =  {Verification of Reactive Systems: Formal Methods and Algorithms},
 journal = { Springer-Verlag, coll. « Texts in Theoretical Computer Science. An EATCS Series »},
 OPTpages = {xiv+600},
 year = {2004},

 }
  @Article{Edmund1999,
 author = {Edmund M. e, Orna Grumberg et Doron A. Peled},
 title =  {Model Checking},
 journal = { Cambridge, MIT Press},
 year = {1999},
 OPTpages = {314},
 } 
 @Phdthesis{Carl1962,
 author = {Carl Adam Petri},
 title =  {Communication avec des  Automates},
 school = {Allemagne à Bonn en},
 year = {1962}
 } 	
@Article{Bakker1983,
author = {J. W. Bakker, J. A. Bergstra, J. J. C. Klopp},
title = {Linear the and branching time semantics for recursion with merg},
journal = {Proc. ICALP 83, LNCS},
year = {1983},
OPTpages = {39-51},
OPTannote = {Springer-Verlag}
}
@Article{Clarke1981,
author = {E. M. Clarke, E. A. Emerson},
title = {Design and synthesis of synchronizatioll skdctons using branching time temporal logic},
journal = {Proc. of an IBM Workshop on Logic of Programs, LNCS},
year = {1981},
OPTpages = {51-71 },
OPTannote = {Springer-Verlag}
}
@Article{Clarke1999,
	author = { CLARKE, E. M., GRUMBERG, O. et PELED, D},
	title = {Model checking},
	journal = {MIT press},
	year = {1999}
}
@Article{Rushby2001,
	author = {RUSHBY, J},
	title = {Theorem proving for verification},
	journal = {Modeling and verification of parallel processes},
	year = {2001},
	OPTpages = {39–57},
	OPTannote = {Springer }
}
@Article{CES86,
author = {E. M. Clarke, E. A. Emerson, and A. P. Sistla},
title = { Sistla. Automatic verification of fnite state concurrent systems using temporal logic specifications},
journal = {ACM Transactions on Programming Languages and Systems},
year = {1986}
}
@Article{CH93,
	author = {R. Cleveland and M. Hennessy},
	title = {Testing equivalence as a bisimulation equivalence},
	journal = {Formal Aspects of Computing},
	year = {19},
	OPTpages = {1-20}
}
@Article{FM,
	author = {J. C. Fernandez and L. Mounier.},
	title = { A tool set for deciding behavioral equivalences},
	OPTpages = {23-42}
}

@Article{Behrmann2004,
	author = {BEHRMANN, G., DAVID, A. et LARSEN, K},
	title = {A tutorial on uppaal},
	journal = { Formal methods for the design of real-time systems},
	year = {2004},
	OPTpages = {33–35},
	OPTannote = {Springer}
}
@Article{Barnat2010,
	author = {BARNAT, J., BRIM, L., CESKA, M. et ROCKAI},
	title = {Divine : Parallel distributed model checker},
	journal = {In Parallel and Distributed Methods in Verification, 2010 Ninth International Workshop on, and High Performance Computational Systems Biology, Second International Workshop on},
	year = {2010},
	OPTpages = {4–7},
	OPTannote = {IEEE}
}
@Article{Garavel2013,
	author = {GARAVEL, H., MATEESCU, R. et SERWE, W},
	title = { Large-scale distributed veriﬁcation using cadp : Beyond clusters to grids},
	journal = { Electronic Notes in Theoretical	Computer Science},
	year = {2013},
	OPTpages = {145–161},
	OPTannote = {Elsevier}
}
@Article{Dill1996,
	author = {STERN, U. et DILL, D. L},
	title = {Improved probabilistic verification by	hash compaction},
	journal = {In Advanced Research Working Conference on Correct Hardware Design and Verification Methods},
	year = {1995},
	OPTpages = {206–224},
	OPTannote = {Springer}
}
@Article{Lime2009,
	author = {LIME, D., ROUX, O. H., SEIDNER, C. et TRAONOUEZ, L.-M},
	title = { Romeo : A parametric model-checker for petri nets with stopwatches},
	journal = {In International Conference on Tools and Algorithms for the Construction and Analysis of Systems},
	year = {2009},
	OPTpages = {54–57},
	OPTannote = {Springer}
}
@Article{BenAri1983009,
	author = {BEN-ARI, M., PNUELI, A. et MANNA, Z},
	title = {The temporal logic of branching time},
	journal = {Acta informatica},
	year = {1983},
	OPTannote = {Springer}
}
@Article{AlurDill1994,
	author = {ALUR, R. et DILL, D. L},
	title = {A theory of timed automata},
	journal = {Theoretical computer science},
	year = {1994},
	OPTannote = {Elsevier}
}
@Article{BenAri1983,
	author = {BEN-ARI, M., PNUELI, A. et MANNA, Z},
	title = { The temporal logic of	branching time},
	journal = {Acta informatica},
	year = {1983},
	OPTannote = {Springer}
}

@Article{Wang2004,
	author = {WANG, F},
	title = { Formal verification of timed systems : A survey and perspective},
	journal = {Proceedings of the IEEE},
	year = {2004},
	OPTannote = {Springer}
}
@Article{Cheng2006,
	author = {CHENG, A. M. K},
	title = {A survey of formal verification methods and tools for embedded and real-time systems},
	journal = {International Journal of Embedded Systems. Inderscience Publishers},
	year = {2006}
}
@Article{ClarkeWing1996,
	author = {CLARKE, E. M. et WING, J. M},
	title = {Formal methods : State of the art and future directions},
	journal = { ACM Computing Surveys (CSUR)},
	year = {1996}
}
@misc{Huckle2015,
	author = {HUCKLE, T},
	title = {Collection of software bugs},
	journal = {Institut fur Informatik TU Munchen : Munich, Germany},
	year = {2015}
}

@Article{Ferrari1978,
	author = {FERRARI, D},
	title = {Computer systems performance evaluation},
	journal = { Prentice Hall. New Jersey, USA},
	year = {1996}
}
@Article{Arn92,
	author = {A. Arnold},
	title = {Systèmes de transitions fnis et sémantique des processus communicants},
	journal = {Masson, Paris},
	year = {1992}
}

@misc{SaidounicoursRdp2017,
	author = {Djamel Eddine SAIDOUNI CoursSaindouni},
	title = {Les réseaux de Petri},
	howpublished  = {Université Constantine 2},
	year = {2018}
}
@misc{arian5,
	author = {J. L. LIONS Arian5},
	title = {ARIANE 5 Flight 501 Failure},
	howpublished  = {Université Constantine 2},
	year = {Paris, 19 July 1996},
    url       = "http://www-users.math.umn.edu/~arnold/disasters/ariane5rep.html"
}
@misc{patriot,
	author = {Patriot},
	OPTannote = {vue juin 2019},
	url       = "http://www-users.math.umn.edu/~arnold/disasters/ariane5rep.html"
}
@misc{bug2000,
	author = {BARNABY J. FEDER Bug},
	title = {Fear of the Year 2000 Bug Is a Problem, Too},
	year = {9 FEB. 1999},
	url       = "https://www.nytimes.com/1999/02/09/business/fear-of-the-year-2000-bug-is-a-problem-too.html"
}
@misc{jade,
	author = {BELLIFEMINE, F., CAIRE, G., RIMASSA, G., POGGI, A., TRUCCO,T., CORTESE, E., QUARTA, F., VITAGLIONE, G., LHUILLIER, N. et PICAULT, J. JADE},
	title = {Java agent development framework},
	year = {2002},
	url       = "https://jade.tilab.com/"
}
@misc{neo4j,
	author = {NEO4J},
	title = {NEO4J},
	OPTannote = {vue juin 2019},
	url       = "https://neo4j.com"
}
@misc{java,
	author = {JAVA},
	title = {JAVA},
	OPTannote = {vue juin 2019},
	url       = "https://www.java.com/"
}
@misc{ida,
	author = {IDA},
	title = {IDA},
	OPTannote = {vue juin 2019},
	url       = "https://www.jetbrains.com"
}
@misc{docker,
	author = {DOCKER},
	title = {DOCKER},
	OPTannote = {vue juin 2019},
	url       = "https://www.docker.com/"
}
@misc{graphivz,
	author = {GRAPHVIZ},
	title = {GRAPHVIZ},
	OPTannote = {vue juin 2019},
	url       = "https://www.graphviz.org/"
}